@ARTICLE{eagle,
       author = {{Schaye}, Joop and {Crain}, Robert A. and {Bower}, Richard G. and {Furlong}, Michelle and {Schaller}, Matthieu and {Theuns}, Tom and {Dalla Vecchia}, Claudio and {Frenk}, Carlos S. and {McCarthy}, I.~G. and {Helly}, John C. and {Jenkins}, Adrian and {Rosas-Guevara}, Y.~M. and {White}, Simon D.~M. and {Baes}, Maarten and {Booth}, C.~M. and {Camps}, Peter and {Navarro}, Julio F. and {Qu}, Yan and {Rahmati}, Alireza and {Sawala}, Till and {Thomas}, Peter A. and {Trayford}, James},
        title = "{The EAGLE project: simulating the evolution and assembly of galaxies and their environments}",
      journal = {\mnras},
     keywords = {methods: numerical, galaxies: evolution, galaxies: formation, cosmology: theory, Astrophysics - Astrophysics of Galaxies, Astrophysics - Cosmology and Nongalactic Astrophysics},
         year = 2015,
        month = jan,
       volume = {446},
       number = {1},
        pages = {521-554},
          doi = {10.1093/mnras/stu2058},
archivePrefix = {arXiv},
       eprint = {1407.7040},
 primaryClass = {astro-ph.GA},
       adsurl = {https://ui.adsabs.harvard.edu/abs/2015MNRAS.446..521S},
      adsnote = {Provided by the SAO/NASA Astrophysics Data System}
}


@ARTICLE{flamingo,
       author = {{Schaye}, Joop and {Kugel}, Roi and {Schaller}, Matthieu and {Helly}, John C. and {Braspenning}, Joey and {Elbers}, Willem and {McCarthy}, Ian G. and {van Daalen}, Marcel P. and {Vandenbroucke}, Bert and {Frenk}, Carlos S. and {Kwan}, Juliana and {Salcido}, Jaime and {Bah{\'e}}, Yannick M. and {Borrow}, Josh and {Chaikin}, Evgenii and {Hahn}, Oliver and {Hu{\v{s}}ko}, Filip and {Jenkins}, Adrian and {Lacey}, Cedric G. and {Nobels}, Folkert S.~J.},
        title = "{The FLAMINGO project: cosmological hydrodynamical simulations for large-scale structure and galaxy cluster surveys}",
      journal = {\mnras},
     keywords = {methods: numerical, galaxies: clusters: general, galaxies: formation, cosmology: theory, large-scale structure of Universe, Astrophysics - Cosmology and Nongalactic Astrophysics, Astrophysics - Astrophysics of Galaxies},
         year = 2023,
        month = dec,
       volume = {526},
       number = {4},
        pages = {4978-5020},
          doi = {10.1093/mnras/stad2419},
archivePrefix = {arXiv},
       eprint = {2306.04024},
 primaryClass = {astro-ph.CO},
       adsurl = {https://ui.adsabs.harvard.edu/abs/2023MNRAS.526.4978S},
      adsnote = {Provided by the SAO/NASA Astrophysics Data System}
}


@ARTICLE{flamingoCalibration,
       author = {{Kugel}, Roi and {Schaye}, Joop and {Schaller}, Matthieu and {Helly}, John C. and {Braspenning}, Joey and {Elbers}, Willem and {Frenk}, Carlos S. and {McCarthy}, Ian G. and {Kwan}, Juliana and {Salcido}, Jaime and {van Daalen}, Marcel P. and {Vandenbroucke}, Bert and {Bah{\'e}}, Yannick M. and {Borrow}, Josh and {Chaikin}, Evgenii and {Hu{\v{s}}ko}, Filip and {Jenkins}, Adrian and {Lacey}, Cedric G. and {Nobels}, Folkert S.~J. and {Vernon}, Ian},
        title = "{FLAMINGO: calibrating large cosmological hydrodynamical simulations with machine learning}",
      journal = {\mnras},
     keywords = {methods: numerical, methods: statistical, galaxies: clusters: general, galaxies: formation, large-scale structure of Universe, cosmology: theory, Astrophysics - Cosmology and Nongalactic Astrophysics},
         year = 2023,
        month = dec,
       volume = {526},
       number = {4},
        pages = {6103-6127},
          doi = {10.1093/mnras/stad2540},
archivePrefix = {arXiv},
       eprint = {2306.05492},
 primaryClass = {astro-ph.CO},
       adsurl = {https://ui.adsabs.harvard.edu/abs/2023MNRAS.526.6103K},
      adsnote = {Provided by the SAO/NASA Astrophysics Data System}
}


@ARTICLE{swift,
       author = {{Schaller}, Matthieu and {Borrow}, Josh and {Draper}, Peter W. and {Ivkovic}, Mladen and {McAlpine}, Stuart and {Vandenbroucke}, Bert and {Bah{\'e}}, Yannick and {Chaikin}, Evgenii and {Chalk}, Aidan B.~G. and {Chan}, Tsang Keung and {Correa}, Camila and {van Daalen}, Marcel and {Elbers}, Willem and {Gonnet}, Pedro and {Hausammann}, Lo{\"\i}c and {Helly}, John and {Hu{\v{s}}ko}, Filip and {Kegerreis}, Jacob A. and {Nobels}, Folkert S.~J. and {Ploeckinger}, Sylvia and {Revaz}, Yves and {Roper}, William J. and {Ruiz-Bonilla}, Sergio and {Sandnes}, Thomas D. and {Uyttenhove}, Yolan and {Willis}, James S. and {Xiang}, Zhen},
        title = "{SWIFT: A modern highly-parallel gravity and smoothed particle hydrodynamics solver for astrophysical and cosmological applications}",
      journal = {\mnras},
     keywords = {software: simulations, methods: numerical, software: public release, Astrophysics - Instrumentation and Methods for Astrophysics, Astrophysics - Cosmology and Nongalactic Astrophysics, Astrophysics - Earth and Planetary Astrophysics, Astrophysics - Astrophysics of Galaxies, Computer Science - Distributed, Parallel, and Cluster Computing},
         year = 2024,
        month = may,
       volume = {530},
       number = {2},
        pages = {2378-2419},
          doi = {10.1093/mnras/stae922},
archivePrefix = {arXiv},
       eprint = {2305.13380},
 primaryClass = {astro-ph.IM},
       adsurl = {https://ui.adsabs.harvard.edu/abs/2024MNRAS.530.2378S},
      adsnote = {Provided by the SAO/NASA Astrophysics Data System}
}

@ARTICLE{hbt,
       author = {{Han}, Jiaxin and {Cole}, Shaun and {Frenk}, Carlos S. and {Benitez-Llambay}, Alejandro and {Helly}, John},
        title = "{HBT+: an improved code for finding subhaloes and building merger trees in cosmological simulations}",
      journal = {\mnras},
     keywords = {gravitational lensing: strong, methods: numerical, galaxies: haloes, dark matter, Astrophysics - Cosmology and Nongalactic Astrophysics, Astrophysics - Astrophysics of Galaxies},
         year = 2018,
        month = feb,
       volume = {474},
       number = {1},
        pages = {604-617},
          doi = {10.1093/mnras/stx2792},
archivePrefix = {arXiv},
       eprint = {1708.03646},
 primaryClass = {astro-ph.CO},
       adsurl = {https://ui.adsabs.harvard.edu/abs/2018MNRAS.474..604H},
      adsnote = {Provided by the SAO/NASA Astrophysics Data System}
}

@ARTICLE{rockstar,
       author = {{Behroozi}, Peter S. and {Wechsler}, Risa H. and {Wu}, Hao-Yi},
        title = "{The ROCKSTAR Phase-space Temporal Halo Finder and the Velocity Offsets of Cluster Cores}",
      journal = {\apj},
     keywords = {dark matter, methods: numerical, Astrophysics - Cosmology and Extragalactic Astrophysics, Astrophysics - Instrumentation and Methods for Astrophysics},
         year = 2013,
        month = jan,
       volume = {762},
       number = {2},
          eid = {109},
        pages = {109},
          doi = {10.1088/0004-637X/762/2/109},
archivePrefix = {arXiv},
       eprint = {1110.4372},
 primaryClass = {astro-ph.CO},
       adsurl = {https://ui.adsabs.harvard.edu/abs/2013ApJ...762..109B},
      adsnote = {Provided by the SAO/NASA Astrophysics Data System}
}

@ARTICLE{subfind,
       author = {{Springel}, Volker and {White}, Simon D.~M. and {Tormen}, Giuseppe and {Kauffmann}, Guinevere},
        title = "{Populating a cluster of galaxies - I. Results at z=0}",
      journal = {\mnras},
     keywords = {GALAXIES: CLUSTERS: GENERAL, GALAXIES: FORMATION, DARK MATTER, Astrophysics},
         year = 2001,
        month = dec,
       volume = {328},
       number = {3},
        pages = {726-750},
          doi = {10.1046/j.1365-8711.2001.04912.x},
archivePrefix = {arXiv},
       eprint = {astro-ph/0012055},
 primaryClass = {astro-ph},
       adsurl = {https://ui.adsabs.harvard.edu/abs/2001MNRAS.328..726S},
      adsnote = {Provided by the SAO/NASA Astrophysics Data System}
}

@ARTICLE{velociraptor,
       author = {{Elahi}, Pascal J. and {Ca{\~n}as}, Rodrigo and {Poulton}, Rhys J.~J. and {Tobar}, Rodrigo J. and {Willis}, James S. and {Lagos}, Claudia del P. and {Power}, Chris and {Robotham}, Aaron S.~G.},
        title = "{Hunting for galaxies and halos in simulations with VELOCIraptor}",
      journal = {\pasa},
     keywords = {dark matter, galaxies: evolution, galaxies: halos, methods: numerical, Astrophysics - Cosmology and Nongalactic Astrophysics},
         year = 2019,
        month = may,
       volume = {36},
          eid = {e021},
        pages = {e021},
          doi = {10.1017/pasa.2019.12},
archivePrefix = {arXiv},
       eprint = {1902.01010},
 primaryClass = {astro-ph.CO},
       adsurl = {https://ui.adsabs.harvard.edu/abs/2019PASA...36...21E},
      adsnote = {Provided by the SAO/NASA Astrophysics Data System}
}

@article{swiftsimio, doi = {10.21105/joss.02430}, url = {https://doi.org/10.21105/joss.02430}, year = {2020}, publisher = {The Open Journal}, volume = {5}, number = {52}, pages = {2430}, author = {Josh Borrow and Alexei Borrisov}, title = {swiftsimio: A Python library for reading SWIFT data}, journal = {Journal of Open Source Software} } 

@article{mpi4py,
title = {MPI for Python},
journal = {Journal of Parallel and Distributed Computing},
volume = {65},
number = {9},
pages = {1108-1115},
year = {2005},
issn = {0743-7315},
doi = {https://doi.org/10.1016/j.jpdc.2005.03.010},
url = {https://www.sciencedirect.com/science/article/pii/S0743731505000560},
author = {Lisandro Dalc√≠n and Rodrigo Paz and Mario Storti},
keywords = {Message passing, MPI, High level languages, Parallel Python},
}

@ARTICLE{gadget,
       author = {{Springel}, Volker},
        title = "{The cosmological simulation code GADGET-2}",
      journal = {\mnras},
     keywords = {methods: numerical, galaxies: interactions, dark matter, Astrophysics},
         year = 2005,
        month = dec,
       volume = {364},
       number = {4},
        pages = {1105-1134},
          doi = {10.1111/j.1365-2966.2005.09655.x},
archivePrefix = {arXiv},
       eprint = {astro-ph/0505010},
 primaryClass = {astro-ph},
       adsurl = {https://ui.adsabs.harvard.edu/abs/2005MNRAS.364.1105S},
      adsnote = {Provided by the SAO/NASA Astrophysics Data System}
}

@ARTICLE{hbt-herons,
       author = {{Forouhar Moreno}, Victor J. and {Helly}, John and {McGibbon}, Rob and {Schaye}, Joop and {Schaller}, Matthieu and {Han}, Jiaxin and {Kugel}, Roi},
        title = "{Assessing subhalo finders in cosmological hydrodynamical simulations}",
      journal = {arXiv e-prints},
     keywords = {Astrophysics - Cosmology and Nongalactic Astrophysics},
         year = 2025,
        month = feb,
          eid = {arXiv:2502.06932},
        pages = {arXiv:2502.06932},
archivePrefix = {arXiv},
       eprint = {2502.06932},
 primaryClass = {astro-ph.CO},
       adsurl = {https://ui.adsabs.harvard.edu/abs/2025arXiv250206932F},
      adsnote = {Provided by the SAO/NASA Astrophysics Data System}
}

